<?xml version="1.0" encoding="UTF-8"?><collection xmlns="http://www.loc.gov/MARC21/slim"><record><leader>00434nam--2200121-i-4500</leader><controlfield tag="001">000004480</controlfield><controlfield tag="002">20161230</controlfield><controlfield tag="005">20161230201025</controlfield><controlfield tag="008">060222s1000------------r-----000-0-eng-d</controlfield><datafield ind1=" " ind2=" " tag="100"><subfield code="a">Dini, Dino</subfield></datafield><datafield ind1=" " ind2=" " tag="245"><subfield code="a">Recenti progressi nello studio e nella tecnica dei razzi intercontinentali e dei satelliti artificiali. pubblicazioni della facolta d ing.di pisa, serie xvii, no.831</subfield></datafield><datafield ind1=" " ind2=" " tag="260"><subfield code="a">Pisa, Litografia Felici S., 58p.+viii</subfield></datafield><datafield ind1=" " ind2=" " tag="852"><subfield code="a">13864</subfield></datafield></record></collection>